<?xml version="1.0" encoding="UTF-8"?><collection xmlns="http://www.loc.gov/MARC21/slim"><record><leader>00543nam--2200145-i-4500</leader><controlfield tag="001">000033094</controlfield><controlfield tag="002">20161230</controlfield><controlfield tag="005">20161230201039</controlfield><controlfield tag="008">060222s1000------------r-----000-0-eng-d</controlfield><datafield ind1=" " ind2=" " tag="080"><subfield code="a">533.42.3.8:621.375.826</subfield></datafield><datafield ind1=" " ind2=" " tag="100"><subfield code="a">Moenke-blankenburg, Lieselotte Und Moenke, Horst</subfield></datafield><datafield ind1=" " ind2=" " tag="245"><subfield code="a">Einfuhrung in die laser-micro-emissionsspektralanalyse.2., uberarbeitete und erganzte auflage. mit 83 abbildungen und 21 tabellen</subfield></datafield><datafield ind1=" " ind2=" " tag="260"><subfield code="a">Leipzig, Akademische Verlagsgesellschaft, 1968, 250p</subfield></datafield><datafield ind1=" " ind2=" " tag="490"><subfield code="a">Technisch-physikalische Monographien</subfield></datafield><datafield ind1=" " ind2=" " tag="852"><subfield code="a">24773</subfield></datafield></record></collection>